<record><leader>00000cas a22000007a 4500</leader><controlfield tag="001">14393902</controlfield><controlfield tag="008">861014d19011903wiucr ne      0    0eng d</controlfield><datafield ind1=" " ind2=" " tag="010"><subfield code="a">sn 86086713 </subfield></datafield><datafield ind1=" " ind2=" " tag="040"><subfield code="a">NPV</subfield><subfield code="b">eng</subfield><subfield code="c">NPV</subfield><subfield code="d">OCLCQ</subfield></datafield><datafield ind1=" " ind2=" " tag="042"><subfield code="a">msc</subfield></datafield><datafield ind1="0" ind2=" " tag="130"><subfield code="a">Weekly eagle (Marinette, Wis.)</subfield></datafield><datafield ind1="1" ind2="4" tag="245"><subfield code="a">The weekly eagle.</subfield></datafield><datafield ind1="1" ind2="7" tag="246"><subfield code="a">Eagle</subfield></datafield><datafield ind1=" " ind2=" " tag="260"><subfield code="a">Marinette, Wis. :</subfield><subfield code="b">Eagle Print. Co.,</subfield><subfield code="c">1901-1903.</subfield></datafield><datafield ind1=" " ind2=" " tag="300"><subfield code="a">v.</subfield></datafield><datafield ind1=" " ind2=" " tag="310"><subfield code="a">Semiweekly</subfield></datafield><datafield ind1="0" ind2=" " tag="362"><subfield code="a">Vol. 31, no. 42 (Mar. 12, 1901)-v. 33, no. 11,A (Aug. 4, 1903).</subfield></datafield><datafield ind1=" " ind2=" " tag="515"><subfield code="a">Numbering is irregular.</subfield></datafield><datafield ind1=" " ind2=" " tag="752"><subfield code="a">United States</subfield><subfield code="b">Wisconsin</subfield><subfield code="c">Marinette</subfield><subfield code="d">Marinette.</subfield></datafield><datafield ind1="0" ind2="0" tag="780"><subfield code="t">Eagle (Marinette, Wis. : 1888)</subfield><subfield code="w">(DLC)sn 86086712</subfield><subfield code="w">(OCoLC)14393888</subfield></datafield><datafield ind1="0" ind2="7" tag="785"><subfield code="t">Marinette star</subfield><subfield code="w">(DLC)sn 86086717</subfield><subfield code="w">(OCoLC)14399061</subfield></datafield><datafield ind1="0" ind2="7" tag="785"><subfield code="t">Weekly eagle-star</subfield><subfield code="w">(DLC)sn 86086714</subfield><subfield code="w">(OCoLC)14393923</subfield></datafield></record>